<?xml version="1.0" encoding="UTF-8"?><collection xmlns="http://www.loc.gov/MARC21/slim"><record><leader>00438nam--2200181-u-4500</leader><controlfield tag="001">000052842</controlfield><controlfield tag="002">20161230</controlfield><controlfield tag="005">20161230201050</controlfield><controlfield tag="008">101123s1000------------r-----000-0-rus-d</controlfield><datafield ind1=" " ind2=" " tag="040"><subfield code="a">IFIN-HH</subfield></datafield><datafield ind1=" " ind2=" " tag="041"><subfield code="a">rus</subfield></datafield><datafield ind1=" " ind2=" " tag="080"><subfield code="a">535(075.8)</subfield></datafield><datafield ind1="1" ind2=" " tag="100"><subfield code="a">Kaliteevskii, N.I</subfield></datafield><datafield ind1="1" ind2="0" tag="245"><subfield code="a">Volnovaia optika</subfield><subfield code="c">N.i. kaliteevskii</subfield></datafield><datafield ind1=" " ind2=" " tag="260"><subfield code="a">Moskva</subfield><subfield code="b">Visshaia Shkola</subfield><subfield code="c">1978</subfield></datafield><datafield ind1=" " ind2=" " tag="300"><subfield code="a">384P</subfield></datafield><datafield ind1=" " ind2=" " tag="852"><subfield code="a">46170</subfield><subfield code="c">535</subfield></datafield><datafield ind1=" " ind2=" " tag="CAT"><subfield code="a">Sys</subfield><subfield code="c">20101123</subfield><subfield code="h">110943</subfield></datafield></record></collection>